<?xml version="1.0"?>
<zs:searchRetrieveResponse xmlns:zs="http://www.loc.gov/zing/srw/"><zs:version>1.1</zs:version><zs:numberOfRecords>1</zs:numberOfRecords><zs:records><zs:record><zs:recordSchema>info:srw/schema/1/marcxml-v1.1</zs:recordSchema><zs:recordPacking>xml</zs:recordPacking><zs:recordData><record xmlns="http://www.loc.gov/MARC21/slim">
  <leader>02542nam a2200685 cb4500</leader>
  <controlfield tag="001">BV023169149</controlfield>
  <controlfield tag="003">DE-604</controlfield>
  <controlfield tag="005">20130429        </controlfield>
  <controlfield tag="007">t</controlfield>
  <controlfield tag="008">080218s2008    gw a|||  |||| 00||| ger d</controlfield>
  <datafield tag="016" ind1="7" ind2=" ">
    <subfield code="a">987356151</subfield>
    <subfield code="2">DE-101</subfield>
  </datafield>
  <datafield tag="020" ind1=" " ind2=" ">
    <subfield code="a">9783898617277</subfield>
    <subfield code="c">: ca. EUR 24.90</subfield>
    <subfield code="9">978-3-89861-727-7</subfield>
  </datafield>
  <datafield tag="020" ind1=" " ind2=" ">
    <subfield code="a">3898617270</subfield>
    <subfield code="c">: ca. EUR 24.90</subfield>
    <subfield code="9">3-89861-727-0</subfield>
  </datafield>
  <datafield tag="040" ind1=" " ind2=" ">
    <subfield code="a">DE-604</subfield>
    <subfield code="b">ger</subfield>
    <subfield code="e">rakddb</subfield>
  </datafield>
  <datafield tag="050" ind1=" " ind2="0">
    <subfield code="a">D522.42</subfield>
  </datafield>
  <datafield tag="245" ind1="1" ind2="0">
    <subfield code="a">&#x98;Der&#x9C; Erste Weltkrieg in der popul&#xE4;ren Erinnerungskultur</subfield>
    <subfield code="c">hrsg. von Barbara Korte ...</subfield>
  </datafield>
  <datafield tag="250" ind1=" " ind2=" ">
    <subfield code="a">1. Aufl.</subfield>
  </datafield>
  <datafield tag="264" ind1=" " ind2="1">
    <subfield code="a">Essen</subfield>
    <subfield code="b">Klartext</subfield>
    <subfield code="c">2008</subfield>
  </datafield>
  <datafield tag="300" ind1=" " ind2=" ">
    <subfield code="a">222 S.</subfield>
    <subfield code="b">Ill.</subfield>
  </datafield>
  <datafield tag="655" ind1=" " ind2="7">
    <subfield code="0">(DE-588)4143413-4</subfield>
    <subfield code="a">Aufsatzsammlung</subfield>
    <subfield code="2">gnd-content</subfield>
  </datafield>
  <datafield tag="700" ind1="1" ind2=" ">
    <subfield code="a">Korte, Barbara</subfield>
    <subfield code="d">1957-</subfield>
    <subfield code="e">Sonstige</subfield>
    <subfield code="0">(DE-588)129683922</subfield>
    <subfield code="4">oth</subfield>
  </datafield>
  <datafield tag="940" ind1="1" ind2=" ">
    <subfield code="n">DHB</subfield>
  </datafield>
  <datafield tag="940" ind1="1" ind2=" ">
    <subfield code="q">BSBWK1</subfield>
  </datafield>
  <datafield tag="940" ind1="1" ind2=" ">
    <subfield code="q">DHB_JDG_ISBN_1</subfield>
  </datafield>
  <datafield tag="015" ind1=" " ind2=" ">
    <subfield code="a">08,N07,1758</subfield>
    <subfield code="2">dnb</subfield>
  </datafield>
  <datafield tag="024" ind1="3" ind2=" ">
    <subfield code="a">9783898617277</subfield>
  </datafield>
  <datafield tag="028" ind1="5" ind2="2">
    <subfield code="a">01727</subfield>
  </datafield>
  <datafield tag="035" ind1=" " ind2=" ">
    <subfield code="a">(OCoLC)244057457</subfield>
  </datafield>
  <datafield tag="035" ind1=" " ind2=" ">
    <subfield code="a">(DE-599)DNB987356151</subfield>
  </datafield>
  <datafield tag="041" ind1="0" ind2=" ">
    <subfield code="a">ger</subfield>
  </datafield>
  <datafield tag="044" ind1=" " ind2=" ">
    <subfield code="a">gw</subfield>
    <subfield code="c">XA-DE-NW</subfield>
  </datafield>
  <datafield tag="049" ind1=" " ind2=" ">
    <subfield code="a">DE-19</subfield>
    <subfield code="a">DE-384</subfield>
    <subfield code="a">DE-706</subfield>
    <subfield code="a">DE-M472</subfield>
    <subfield code="a">DE-739</subfield>
    <subfield code="a">DE-12</subfield>
    <subfield code="a">DE-M352</subfield>
    <subfield code="a">DE-473</subfield>
    <subfield code="a">DE-29</subfield>
    <subfield code="a">DE-20</subfield>
    <subfield code="a">DE-188</subfield>
    <subfield code="a">DE-B496</subfield>
    <subfield code="a">DE-11</subfield>
    <subfield code="a">DE-521</subfield>
    <subfield code="a">DE-B1550</subfield>
    <subfield code="a">DE-355</subfield>
  </datafield>
  <datafield tag="082" ind1="0" ind2=" ">
    <subfield code="a">940.3</subfield>
    <subfield code="2">22/ger</subfield>
  </datafield>
  <datafield tag="084" ind1=" " ind2=" ">
    <subfield code="a">b 280</subfield>
    <subfield code="2">ifzs</subfield>
  </datafield>
  <datafield tag="084" ind1=" " ind2=" ">
    <subfield code="a">NP 4425</subfield>
    <subfield code="2">rvk</subfield>
  </datafield>
  <datafield tag="084" ind1=" " ind2=" ">
    <subfield code="a">v 90.6</subfield>
    <subfield code="2">ifzs</subfield>
  </datafield>
  <datafield tag="084" ind1=" " ind2=" ">
    <subfield code="a">b 281</subfield>
    <subfield code="2">ifzs</subfield>
  </datafield>
  <datafield tag="084" ind1=" " ind2=" ">
    <subfield code="a">l 85.4.1</subfield>
    <subfield code="2">ifzs</subfield>
  </datafield>
  <datafield tag="084" ind1=" " ind2=" ">
    <subfield code="a">NP 4440</subfield>
    <subfield code="2">rvk</subfield>
  </datafield>
  <datafield tag="084" ind1=" " ind2=" ">
    <subfield code="a">940</subfield>
    <subfield code="2">sdnb</subfield>
  </datafield>
  <datafield tag="084" ind1=" " ind2=" ">
    <subfield code="a">LB 51000</subfield>
    <subfield code="2">rvk</subfield>
  </datafield>
  <datafield tag="084" ind1=" " ind2=" ">
    <subfield code="a">b 280.1</subfield>
    <subfield code="2">ifzs</subfield>
  </datafield>
  <datafield tag="336" ind1=" " ind2=" ">
    <subfield code="b">txt</subfield>
    <subfield code="2">rdacontent</subfield>
  </datafield>
  <datafield tag="337" ind1=" " ind2=" ">
    <subfield code="b">n</subfield>
    <subfield code="2">rdamedia</subfield>
  </datafield>
  <datafield tag="338" ind1=" " ind2=" ">
    <subfield code="b">nc</subfield>
    <subfield code="2">rdacarrier</subfield>
  </datafield>
  <datafield tag="490" ind1="1" ind2=" ">
    <subfield code="a">Schriften der Bibliothek f&#xFC;r Zeitgeschichte : Neue Folge</subfield>
    <subfield code="v">22</subfield>
  </datafield>
  <datafield tag="648" ind1=" " ind2="7">
    <subfield code="a">Geschichte</subfield>
    <subfield code="2">gnd</subfield>
  </datafield>
  <datafield tag="650" ind1=" " ind2="4">
    <subfield code="a">Weltkrieg (1914-1918)</subfield>
  </datafield>
  <datafield tag="650" ind1=" " ind2="4">
    <subfield code="a">War in literature</subfield>
    <subfield code="x">History and criticism</subfield>
  </datafield>
  <datafield tag="650" ind1=" " ind2="4">
    <subfield code="a">World War, 1914-1918</subfield>
    <subfield code="x">Historiography</subfield>
  </datafield>
  <datafield tag="650" ind1=" " ind2="4">
    <subfield code="a">World War, 1914-1918</subfield>
    <subfield code="x">Literature and the war</subfield>
  </datafield>
  <datafield tag="650" ind1=" " ind2="4">
    <subfield code="a">World War, 1914-1918</subfield>
    <subfield code="x">Monuments</subfield>
  </datafield>
  <datafield tag="650" ind1="0" ind2="7">
    <subfield code="a">Kollektives Ged&#xE4;chtnis</subfield>
    <subfield code="0">(DE-588)4200793-8</subfield>
    <subfield code="2">gnd</subfield>
  </datafield>
  <datafield tag="650" ind1="0" ind2="7">
    <subfield code="a">Weltkrieg</subfield>
    <subfield code="9">g:1914-1918</subfield>
    <subfield code="0">(DE-588)4079163-4</subfield>
    <subfield code="2">gnd</subfield>
  </datafield>
  <datafield tag="689" ind1="0" ind2="0">
    <subfield code="a">Weltkrieg</subfield>
    <subfield code="9">g:1914-1918</subfield>
    <subfield code="0">(DE-588)4079163-4</subfield>
    <subfield code="D">s</subfield>
  </datafield>
  <datafield tag="689" ind1="0" ind2="1">
    <subfield code="a">Kollektives Ged&#xE4;chtnis</subfield>
    <subfield code="0">(DE-588)4200793-8</subfield>
    <subfield code="D">s</subfield>
  </datafield>
  <datafield tag="689" ind1="0" ind2="2">
    <subfield code="a">Geschichte</subfield>
    <subfield code="A">z</subfield>
  </datafield>
  <datafield tag="689" ind1="0" ind2=" ">
    <subfield code="5">DE-604</subfield>
  </datafield>
  <datafield tag="830" ind1=" " ind2="0">
    <subfield code="a">Schriften der Bibliothek f&#xFC;r Zeitgeschichte</subfield>
    <subfield code="v">Neue Folge ; 22</subfield>
    <subfield code="w">(DE-604)BV007921367</subfield>
  </datafield>
  <datafield tag="856" ind1="4" ind2="2">
    <subfield code="m">Digitalisierung UB Augsburg</subfield>
    <subfield code="q">application/pdf</subfield>
    <subfield code="u">http://bvbr.bib-bvb.de:8991/F?func=service&amp;doc_library=BVB01&amp;local_base=BVB01&amp;doc_number=016355507&amp;sequence=000002&amp;line_number=0001&amp;func_code=DB_RECORDS&amp;service_type=MEDIA</subfield>
    <subfield code="3">Inhaltsverzeichnis</subfield>
  </datafield>
</record></zs:recordData><zs:recordPosition>1</zs:recordPosition></zs:record></zs:records></zs:searchRetrieveResponse>
